@misc{Kaggle,
  author = {Kaggle},
  year = 2016,
  title = {Dota 2: Win Probability Prediction},
  howpublished = {\url{https://www.kaggle.com/c/dota-2-win-probability-prediction#description}},
  note = {Accessed: 2018-10-01}
}
@inproceedings{grutzik2017predicting,
  title={Predicting outcomes of professional DotA 2 matches},
  author={Grutzik, Petra and Higgins, Joe and Tran, Long},
  year={2017}
}
@inproceedings{semenov2016performance,
  title={Performance of machine learning algorithms in predicting game outcome from drafts in dota 2},
  author={Semenov, Aleksandr and Romov, Peter and Korolev, Sergey and Yashkov, Daniil and Neklyudov, Kirill},
  booktitle={International Conference on Analysis of Images, Social Networks and Texts},
  pages={26--37},
  year={2016},
  organization={Springer}
}
@article{chen2018modeling,
  title={Modeling Game Avatar Synergy and Opposition through Embedding in Multiplayer Online Battle Arena Games},
  author={Chen, Zhengxing and Xu, Yuyu and Nguyen, Truong-Huy D and Sun, Yizhou and El-Nasr, Magy Seif},
  journal={arXiv preprint arXiv:1803.10402},
  year={2018}
}